@phdthesis{gao2015channel,
  title={Channel State Information Fingerprinting Based Indoor Localization: a Deep Learning Approach},
  author={Gao, Lingjun},
  year={2015},
  school={Auburn University}
}
